<record><leader>00000cas a2200000 a 4500</leader><controlfield tag="001">10336831</controlfield><controlfield tag="008">840125d19111989kyuwr ne      0   a0eng d</controlfield><controlfield tag="009">3770</controlfield><datafield ind1=" " ind2=" " tag="010"><subfield code="a">sn 84024040 </subfield></datafield><datafield ind1=" " ind2=" " tag="040"><subfield code="a">NPV</subfield><subfield code="b">eng</subfield><subfield code="c">NPV</subfield><subfield code="d">KNP</subfield><subfield code="d">OCL</subfield><subfield code="d">OCLCQ</subfield><subfield code="d">KYUBL</subfield><subfield code="d">OCLCQ</subfield><subfield code="d">OCLCO</subfield><subfield code="d">OCLCF</subfield></datafield><datafield ind1=" " ind2=" " tag="042"><subfield code="a">msc</subfield></datafield><datafield ind1=" " ind2=" " tag="043"><subfield code="a">n-us-ky</subfield></datafield><datafield ind1=" " ind2=" " tag="045"><subfield code="a">x1--</subfield></datafield><datafield ind1=" " ind2=" " tag="052"><subfield code="a">3953</subfield><subfield code="b">H5</subfield></datafield><datafield ind1="0" ind2="4" tag="245"><subfield code="a">The Hart County herald.</subfield></datafield><datafield ind1=" " ind2=" " tag="260"><subfield code="a">Horse Cave, Ky. :</subfield><subfield code="b">Harry H. Hansbrough,</subfield><subfield code="c">-1989.</subfield></datafield><datafield ind1=" " ind2=" " tag="300"><subfield code="a">v. :</subfield><subfield code="b">ill.</subfield></datafield><datafield ind1=" " ind2=" " tag="310"><subfield code="a">Weekly</subfield></datafield><datafield ind1="1" ind2=" " tag="362"><subfield code="a">Began in 1911.</subfield><subfield code="z">Cf. Ayers, 1970.</subfield></datafield><datafield ind1="0" ind2=" " tag="362"><subfield code="a">-v. 78, no. 34 (Aug. 31, 1989).</subfield></datafield><datafield ind1=" " ind2=" " tag="500"><subfield code="a">"Democratic." Cf. Ayers, 1970.</subfield></datafield><datafield ind1=" " ind2=" " tag="588"><subfield code="a">Description based on: Vol. 1, no. 29 (May 23, 1912).</subfield></datafield><datafield ind1=" " ind2="0" tag="651"><subfield code="a">Hart County (Ky.)</subfield><subfield code="v">Newspapers.</subfield></datafield><datafield ind1=" " ind2="0" tag="651"><subfield code="a">Horse Cave (Ky.)</subfield><subfield code="v">Newspapers.</subfield></datafield><datafield ind1=" " ind2="7" tag="655"><subfield code="a">Newspapers.</subfield><subfield code="2">fast</subfield><subfield code="0">(OCoLC)fst01423814</subfield></datafield><datafield ind1=" " ind2="7" tag="651"><subfield code="a">Kentucky</subfield><subfield code="z">Hart County.</subfield><subfield code="2">fast</subfield><subfield code="0">(OCoLC)fst01209255</subfield></datafield><datafield ind1=" " ind2="7" tag="651"><subfield code="a">Kentucky</subfield><subfield code="z">Horse Cave.</subfield><subfield code="2">fast</subfield><subfield code="0">(OCoLC)fst01218334</subfield></datafield><datafield ind1=" " ind2=" " tag="752"><subfield code="a">United States</subfield><subfield code="b">Kentucky</subfield><subfield code="c">Hart</subfield><subfield code="d">Horse Cave.</subfield></datafield><datafield ind1="0" ind2="7" tag="785"><subfield code="t">Hart County news</subfield><subfield code="w">(DLC)sn 84024041</subfield></datafield><datafield ind1="0" ind2="7" tag="785"><subfield code="t">Hart County news-herald</subfield><subfield code="w">(DLC)sn 89058446</subfield></datafield></record>